@article{paper3,
	journal = {{arXiv} e-print},
	title = {Tumbling of small axisymmetric particles in random and turbulent flows},
	number = {1305.1822},
	author = {Gustavsson, K. and Einarsson, J. and Mehlig, B.},
	year = {2013},
}


@article{hinch1979,
	title = {Rotation of small non-axisymmetric particles in a simple shear flow},
	volume = {92},
	doi = {10.1017/S002211207900077X},
	number = {03},
	journal = {Journal of Fluid Mechanics},
	author = {Hinch, E. J. and Leal, L. G.},
	year = {1979},
	pages = {591--607}
}


@book{kundu2004,
	address = {Amsterdam; Boston},
	edition = {3rd ed},
	title = {Fluid mechanics},
	isbn = {0121782530},
	lccn = {QA901 .K86 2004},
	publisher = {Elsevier Academic Press},
	author = {Kundu, P. K. and Cohen, Ira M.},
	year = {2004},
}

@book{happel1965,
	title = {Low Reynolds Number Hydrodynamics: With Special Applications to Particulate Media},
	isbn = {9789024728770},
	shorttitle = {Low Reynolds Number Hydrodynamics},
	language = {en},
	publisher = {Springer},
	author = {Happel, John R. and Brenner, Howard},
	year = {1965},
}


@book{kim1991,
	address = {Boston},
	series = {Butterworth-Heinemann series in chemical engineering},
	title = {Microhydrodynamics: principles and selected applications},
	isbn = {0750691735},
	lccn = {QA911 .K49 1991},
	shorttitle = {Microhydrodynamics},
	publisher = {Butterworth-Heinemann},
	author = {Kim, Sangtae and Karrila, Seppo J.},
	year = {1991},
}


@article{bretherton1962,
	title = {The motion of rigid particles in a shear flow at low {Reynolds} number},
	volume = {14},
	doi = {10.1017/S002211206200124X},
	number = {02},
	journal = {Journal of Fluid Mechanics},
	author = {Bretherton, F. P.},
	year = {1962},
	pages = {284--304},
	file = {Cambridge Journals Snapshot:C:\Users\einarssj\AppData\Roaming\Mozilla\Firefox\Profiles\9oki5rbn.default\zotero\storage\J3HVKVW5\displayAbstract.html:text/html}
}






%////////////


@article{veysey2007,
	title = {Simple viscous flows: From boundary layers to the renormalization group},
	volume = {79},
	shorttitle = {Simple viscous flows},
		doi = {10.1103/RevModPhys.79.883},
		number = {3},
	journal = {Reviews of Modern Physics},
	author = {Veysey, John and Goldenfeld, Nigel},
	year = {2007},
	pages = {883--927},
	},

@article{lovalenti1993,
	title = {The hydrodynamic force on a rigid particle undergoing arbitrary time-dependent motion at small {Reynolds} number},
	volume = {256},
	doi = {10.1017/S0022112093002885},
	journal = {Journal of Fluid Mechanics},
	author = {Lovalenti, Phillip M. and Brady, John F.},
	year = {1993},
	pages = {561--605},
	},

@article{coussot2002,
	title = {Avalanche Behavior in Yield Stress Fluids},
	volume = {88},
		doi = {10.1103/PhysRevLett.88.175501},
		number = {17},
		journal = {Physical Review Letters},
	author = {Coussot, Philippe and Nguyen, Q. D. and Huynh, H. T. and Bonn, Daniel},
	year = {2002},
	pages = {175501},
	},

@article{dubovik2002,
	title = {Non-spherical aerosol retrieval method employing light scattering by spheroids},
	volume = {29},
	doi = {10.1029/2001GL014506},
	number = {10},
	journal = {Geophysical Research Letters},
	author = {Dubovik, O. and Holben, B. N. and Lapyonok, T. and Sinyuk, A. and Mishchenko, M. I. and Yang, P. and Slutsker, I.},
	year = {2002},
	pages = {54-1},
	},

@article{jezek1994,
	title = {The behaviour of rigid triaxial ellipsoidal particles in viscous flows—modeling of fabric evolution in a multiparticle system},
	volume = {229},
		doi = {10.1016/0040-1951(94)90027-2},
		number = {3–4},
	journal = {Tectonophysics},
	author = {Ježek, J. and Melka, R. and Schulmann, K. and Venera, Z.},
	year = {1994},
	pages = {165--180},
	},


@article{anczurowski1967,
	title = {The kinetics of flowing dispersions: {III.} Equilibrium orientations of rods and discs (experimental)},
	volume = {23},
	shorttitle = {The kinetics of flowing dispersions},
		doi = {10.1016/0021-9797(67)90200-7},
		number = {4},
	journal = {Journal of Colloid and Interface Science},
	author = {Anczurowski, E and Mason, {S.G}},
	year = {1967},
	pages = {533--546},
	},

@article{huang2012,
	title = {Rotation of spheroidal particles in Couette flows},
	volume = {692},
	doi = {10.1017/jfm.2011.519},
	journal = {Journal of Fluid Mechanics},
	author = {Huang, Haibo and Yang, Xin and Krafczyk, Manfred and Lu, Xi-Yun},
	year = {2012},
	pages = {369--394},
	},

@article{maxey1983,
	title = {Equation of motion for a small rigid sphere in a nonuniform flow},
	volume = {26},
		doi = {doi:10.1063/1.864230},
		number = {4},
	journal = {Physics of Fluids},
	author = {Maxey, Martin R. and Riley, James J.},
	year = {1983},
	pages = {883--889},
	},

@article{karnis1966,
	title = {The flow of suspensions through tubes: V. Inertial effects},
	volume = {44},
	copyright = {Copyright © 1966 Canadian Society for Chemical Engineering},
	shorttitle = {The flow of suspensions through tubes},
		doi = {10.1002/cjce.5450440401},
	language = {en},
	number = {4},
	journal = {The Canadian Journal of Chemical Engineering},
	author = {Karnis, A. and Goldsmith, H. L. and Mason, S. G.},
	year = {1966},
	pages = {181–193},
	},

@book{kundu2004,
	address = {Amsterdam ; Boston},
	edition = {3rd ed},
	title = {Fluid mechanics},
	isbn = {0121782530},
	lccn = {QA901 .K86 2004},
	publisher = {Elsevier Academic Press},
	author = {Kundu, Pijush K.},
	collaborator = {Cohen, Ira M. and Hu, Howard H.},
	year = {2004},
},

@article{mewis2009,
	title = {Current trends in suspension rheology},
	volume = {157},
	shorttitle = {Whither Rheology?},
		doi = {10.1016/j.jnnfm.2008.11.004},
		number = {3},
	journal = {Journal of Non-Newtonian Fluid Mechanics},
	author = {Mewis, Jan and Wagner, Norman J.},
	year = {2009},
	pages = {147--150},
	},

@article{cloitre1999,
	title = {Dynamics of non-Brownian rodlike particles in a nonuniform elongational flow},
	volume = {11},
		doi = {doi:10.1063/1.869949},
		number = {4},
	journal = {Physics of Fluids},
	author = {Cloitre, M. and Mongruel, A.},
	year = {1999},
	pages = {773--777},
	},

@article{durham2012,
	title = {Thin Phytoplankton Layers: Characteristics, Mechanisms, and Consequences},
	volume = {4},
	shorttitle = {Thin Phytoplankton Layers},
		doi = {10.1146/annurev-marine-120710-100957},
		number = {1},
	journal = {Annual Review of Marine Science},
	author = {Durham, William M. and Stocker, Roman},
	year = {2012},
	pages = {177--207},
	},

@article{pumir2011,
	title = {Orientation statistics of small particles in turbulence},
	volume = {13},
		doi = {10.1088/1367-2630/13/9/093030},
	language = {en},
	number = {9},
	journal = {New Journal of Physics},
	author = {Pumir, Alain and Wilkinson, Michael},
	year = {2011},
	pages = {093030},
	},

@article{gavze1998,
	title = {Motion of inertial spheroidal particles in a shear flow near a solid wall with special application to aerosol transport in microgravity},
	volume = {371},
	doi = {10.1017/S0022112098002109},
	journal = {Journal of Fluid Mechanics},
	author = {Gavze, Ehud and Shapiro, Michael},
	year = {1998},
	pages = {59--79},
	},

@article{arbaret2013,
	title = {Magnetic and shape fabrics of magnetite in simple shear flows},
	volume = {249},
		doi = {10.1016/j.jvolgeores.2012.09.003},
	journal = {Journal of Volcanology and Geothermal Research},
	author = {Arbaret, Laurent and Launeau, Patrick and Diot, Hervé and Sizaret, Stanislas},
	year = {2013},
	pages = {25--38},
	},

@article{cantwell1993,
	title = {On the behavior of velocity gradient tensor invariants in direct numerical simulations of turbulence},
	volume = {5},
		doi = {doi:10.1063/1.858828},
	number = {8},
	journal = {Physics of Fluids A: Fluid Dynamics},
	author = {Cantwell, Brian J.},
	year = {1993},
	pages = {2008--2013},
	},

@book{kim1991,
	address = {Boston},
	series = {Butterworth-Heinemann series in chemical engineering},
	title = {Microhydrodynamics: principles and selected applications},
	isbn = {0750691735},
	lccn = {QA911 .K49 1991},
	shorttitle = {Microhydrodynamics},
	publisher = {Butterworth-Heinemann},
	author = {Kim, Sangtae},
	collaborator = {Karrila, Seppo J.},
	year = {1991},
},

@article{petrie1999,
	title = {The rheology of fibre suspensions},
	volume = {87},
		doi = {10.1016/S0377-0257(99)00069-5},
		number = {2–3},
	journal = {Journal of Non-Newtonian Fluid Mechanics},
	author = {Petrie, Christopher {J.S.}},
	year = {1999},
	pages = {369--402},
	},

@article{brenner1974,
	title = {Rheology of a dilute suspension of axisymmetric {Brownian} particles},
	volume = {1},
		doi = {10.1016/0301-9322(74)90018-4},
		number = {2},
	journal = {International Journal of Multiphase Flow},
	author = {Brenner, Howard},
	year = {1974},
	pages = {195--341},
	},

@article{gasteiger2011,
	title = {Volcanic ash from {Iceland} over {Munich}: mass concentration retrieved from ground-based remote sensing measurements},
	volume = {11},
	shorttitle = {Volcanic ash from {Iceland} over {Munich}},
		doi = {10.5194/acp-11-2209-2011},
	number = {5},
	journal = {Atmos. Chem. Phys.},
	author = {Gasteiger, J. and Groß, S. and Freudenthaler, V. and Wiegner, M.},
	year = {2011},
	pages = {2209--2223},
	},

@article{powell1991,
	title = {Rheology of suspensions of rodlike particles},
	volume = {62},
		doi = {10.1007/BF01128178},
		language = {en},
	number = {5-6},
	journal = {Journal of Statistical Physics},
	author = {Powell, Robert L.},
	year = {1991},
	pages = {1073--1094},
	},

@article{scheraga1955,
	title = {{Non-Newtonian} Viscosity of Solutions of Ellipsoidal Particles},
	volume = {23},
	doi = {doi:10.1063/1.1742341},
	number = {8},
	journal = {The Journal of Chemical Physics},
	author = {Scheraga, Harold A.},
	year = {1955},
	pages = {1526--1532},
	},


@article{peterlin1938,
	title = {{\"U}ber die Viskosit{\"a}t von verd{\"u}nnten L{\"o}sungen und Suspensionen in Abh{\"a}ngigkeit von der Teilchenform},
	volume = {111},
		doi = {10.1007/BF01332211},
	language = {de},
	number = {3-4},
	journal = {Zeitschrift f{\"u}r Physik},
	author = {Peterlin, Anton},
	year = {1938},
	pages = {232--263},
}
@incollection{mather2003,
	title = {Tropospheric Volcanic Aerosol},
	copyright = {Copyright 2003 by the American Geophysical Union.},
	isbn = {9781118668542},
			language = {en},
	booktitle = {Volcanism and the Earth's Atmosphere},
	publisher = {American Geophysical Union},
	author = {Mather, T.a. and Pyle, D.m. and Oppenheimer, C.},
	editor = {Robock, Alan and Oppenheimer, Clive},
	year = {2003},
	pages = {189–212},
	},

@article{wierenga1998,
	title = {Low-shear viscosity of isotropic dispersions of (Brownian) rods and fibres; A review of theory and experiments},
	volume = {137},
		doi = {10.1016/S0927-7757(97)00262-8},
	number = {1–3},
	journal = {Colloids and Surfaces A: Physicochemical and Engineering Aspects},
	author = {Wierenga, Anieke M. and Philipse, Albert P.},
	year = {1998},
	pages = {355--372},
	},

@article{yarin1997,
	title = {Chaotic rotation of triaxial ellipsoids in simple shear flow},
	volume = {340},
	doi = {10.1017/S0022112097005260},
	journal = {Journal of Fluid Mechanics},
	author = {Yarin, A. L. and Gottlieb, O. and Roisman, I. V.},
	year = {1997},
	pages = {83--100},
	},

@article{marchioli2010,
	title = {Orientation, distribution, and deposition of elongated, inertial fibers in turbulent channel flow},
	volume = {22},
		doi = {doi:10.1063/1.3328874},
		number = {3},
	journal = {Physics of Fluids},
	author = {Marchioli, Cristian and Fantoni, Marco and Soldati, Alfredo},
	year = {2010},
	pages = {033301},
	},

@article{lundell2011,
	title = {The effect of particle inertia on triaxial ellipsoids in creeping shear: From drift toward chaos to a single periodic solution},
	volume = {23},
	shorttitle = {The effect of particle inertia on triaxial ellipsoids in creeping shear},
		doi = {doi:10.1063/1.3548864},
		number = {1},
	journal = {Physics of Fluids},
	author = {Lundell, Fredrik},
	year = {2011},
	pages = {011704},
	},

@article{bayod2008,
	title = {Rheological and structural characterization of tomato paste and its influence on the quality of ketchup},
	volume = {41},
		doi = {10.1016/j.lwt.2007.08.011},
		number = {7},
	journal = {{LWT} - Food Science and Technology},
	author = {Bayod, Elena and Willers, Ene Pilman and Tornberg, Eva},
	year = {2008},
	pages = {1289--1300},
	},

@article{pabst2006,
	title = {Particle shape and suspension rheology of short-fiber systems},
	volume = {26},
		doi = {10.1016/j.jeurceramsoc.2004.10.016},
	number = {1–2},
	journal = {Journal of the European Ceramic Society},
	author = {Pabst, Willi and Gregorová, Eva and Berthold, Christoph},
	year = {2006},
	pages = {149--160},
	},

@article{kaya2009,
	title = {Characterization of Hydrodynamic Surface Interactions of Escherichia coli Cell Bodies in Shear Flow},
	volume = {103},
		doi = {10.1103/PhysRevLett.103.138103},
		number = {13},
	journal = {Physical Review Letters},
	author = {Kaya, Tolga and Koser, Hur},
	year = {2009},
	pages = {138103},
	},

@article{gason1999,
	title = {Rheo-Optic Measurements on Dilute Suspensions of Hematite Rods},
	volume = {15},
		doi = {10.1021/la981365o},
	number = {22},
	journal = {Langmuir},
	author = {Gason, Samuel J. and Boger, David V. and Dunstan, Dave E.},
	year = {1999},
	pages = {7446--7453},
	},


@techreport{einarsson2013b,
	type = {{arXiv} e-print},
	title = {Orientational dynamics of weakly inertial axisymmetric particles in steady viscous flows},
	url = {http://arxiv.org/abs/1307.2821},
	abstract = {The orientational dynamics of weakly inertial axisymmetric particles in a steady flow is investigated. We derive an asymptotic equation of motion for the unit axial vector along the particle symmetry axis, valid for small Stokes number St, and for any axisymmetric particle in any steady linear viscous flow. This reduced dynamics is analysed in two ways, both pertain to the case of a simple shear flow. In this case inertia induces a coupling between precession and nutation. This coupling affects the dynamics of the particle, breaks the degeneracy of the Jeffery orbits, and creates two limiting periodic orbits. We calculate the leading-order Floquet exponents of the limiting periodic orbits and show analytically that prolate objects tend to a tumbling orbit, while oblate objects tend to a log-rolling orbit, in agreement with previous analytical and numerical results. Second, we analyse the role of the limiting orbits when rotational noise is present. We formulate the Fokker-Planck equation describing the orientational distribution of an axisymmetric particle, valid for small St and general Peclet number Pe. Numerical solutions of the Fokker-Planck equation, obtained by means of expansion in spherical harmonics, show that stationary orientational distributions are close to the inertia-free case when Pe St {\textless}{\textless} 1, whereas they are determined by inertial effects, though small, when Pe {\textgreater}{\textgreater} {1/St} {\textgreater}{\textgreater} 1.},
	number = {1307.2821},
	urldate = {2013-10-30},
	author = {Einarsson, J. and Angilella, J. R. and Mehlig, B.},
	month = jul,
	year = {2013},
	keywords = {Physics - Fluid Dynamics},
	annote = {Comment: 20 pages, 5 figures},
	file = {arXiv.org Snapshot:C:\Users\Jonas\AppData\Roaming\Mozilla\Firefox\Profiles\zsplkryk.default\zotero\storage\F79577VB\1307.html:text/html}
}
@article{einarsson2013,
	title = {Periodic and aperiodic tumbling of microrods advected in a microchannel flow},
	volume = {224},
	issn = {0001-5970, 1619-6937},
	url = {http://link.springer.com/article/10.1007/s00707-013-0924-0},
	doi = {10.1007/s00707-013-0924-0},
	number = {10},
	urldate = {2013-10-21},
	journal = {Acta Mechanica},
	author = {Einarsson, J. and Johansson, A. and Mahato, S. K. and Mishra, Y. N. and Angilella, J. R. and Hanstorp, D. and Mehlig, B.},
	month = oct,
	year = {2013},
	keywords = {Classical Continuum Physics, Continuum Mechanics and Mechanics of Materials, Engineering Thermodynamics, Heat and Mass Transfer, Structural Mechanics, Theoretical and Applied Mechanics, Vibration, Dynamical Systems, Control},
	pages = {2281--2289},
	file = {Full Text PDF:C:\Users\Jonas\AppData\Roaming\Mozilla\Firefox\Profiles\zsplkryk.default\zotero\storage\A7CPIXMN\Einarsson et al. - 2013 - Periodic and aperiodic tumbling of microrods advec.pdf:application/pdf;Snapshot:C:\Users\Jonas\AppData\Roaming\Mozilla\Firefox\Profiles\zsplkryk.default\zotero\storage\8Z6IXHTH\10.html:text/html}
}

@article{zimmermann2011,
	title = {Tracking the dynamics of translation and absolute orientation of a sphere in a turbulent flow},
	volume = {82},
	issn = {0034-6748, 1089-7623},
	doi = {10.1063/1.3554304},
	number = {3},
	journal = {Review of Scientific Instruments},
	author = {Zimmermann, Robert and Gasteuil, Yoann and Bourgoin, Mickael and Volk, Romain and Pumir, Alain and Pinton, Jean-{Fran\c{c}ois} and {International Collaboration for Turbulence}},
	year = {2011},
	keywords = {Cameras, Flow visualization, Homogeneous turbulence, Intermittency, Kinematics, Lagrangian mechanics, Rheology and fluid dynamics, Time series analysis, Turbulent flows, Velocity measurement},
	pages = {033906},
	file = {Full Text PDF:C:\Users\Jonas\AppData\Roaming\Mozilla\Firefox\Profiles\zsplkryk.default\zotero\storage\27487WDE\Zimmermann et al. - 2011 - Tracking the dynamics of translation and absolute .pdf:application/pdf;Snapshot:C:\Users\Jonas\AppData\Roaming\Mozilla\Firefox\Profiles\zsplkryk.default\zotero\storage\EJDBEZXK\1.html:text/html}
}
@article{mishra2012,
author = {Mishra, Y. N. and Einarsson, J. and John, O. A. and Andersson, P. and Mehlig, B. and Hanstorp, D.},
title = {A microfluidic device for studies of the orientational dynamics of microrods},
journal = {Proc. SPIE},
volume = {8251},
number = {},
pages = {825109},
year = {2012},
doi = {10.1117/12.915871},
}

@article{koch2001,
	title = {Inertial Effects in Suspension and Porous-Media Flows},
	volume = {33},
		doi = {10.1146/annurev.fluid.33.1.619},
		number = {1},
	journal = {Annual Review of Fluid Mechanics},
	author = {Koch, Donald L and Hill, Reghan J},
	year = {2001},
	pages = {619--647}
},

@article{gustavsson2011,
	title = {Distribution of relative velocities in turbulent aerosols},
	volume = {84},
	doi = {10.1103/PhysRevE.84.045304},
	number = {4},
	journal = {Physical Review E},
	author = {Gustavsson, K. and Mehlig, B.},
	year = {2011},
	pages = {045304},
}
@article{subramanian2005,
	title = {Inertial effects on fibre motion in simple shear flow},
	volume = {535},
	doi = {10.1017/S0022112005004829},
	journal = {Journal of Fluid Mechanics},
	author = {Subramanian, G. and Koch, Donald L.},
	year = {2005},
	pages = {383--414},
	},

@article{parsa2012,
	title = {Rotation Rate of Rods in Turbulent Fluid Flow},
	volume = {109},
		doi = {10.1103/PhysRevLett.109.134501},
		number = {13},
	journal = {Physical Review Letters},
	author = {Parsa, Shima and Calzavarini, Enrico and Toschi, Federico and Voth, Greg A.},
	year = {2012},
	pages = {134501},
	},

@article{vieillefosse1982,
	title = {Local interaction between vorticity and shear in a perfect incompressible fluid},
	volume = {43},
		doi = {10.1051/jphys:01982004306083700},
	number = {6},
	journal = {Journal de Physique},
	author = {Vieillefosse, P.},
	year = {1982},
	pages = {837--842},
	},

@article{luthi2009,
	title = {Expanding the {Q–R} space to three dimensions},
	volume = {641},
	doi = {10.1017/S0022112009991947},
	journal = {Journal of Fluid Mechanics},
	author = {Lüthi, Beat and Holzner, Markus and Tsinober, Arkady},
	year = {2009},
	pages = {497--507},
	},

@article{white2008,
	title = {Mechanics and Prediction of Turbulent Drag Reduction with Polymer Additives},
	volume = {40},
		doi = {10.1146/annurev.fluid.40.111406.102156},
	number = {1},
	journal = {Annual Review of Fluid Mechanics},
	author = {White, Christopher M. and Mungal, M Godfrey},
	year = {2008},
	pages = {235--256},
	},

@article{mikulencak2004,
	title = {Stationary shear flow around fixed and free bodies at finite Reynolds number},
	volume = {520},
	doi = {10.1017/S0022112004001648},
	journal = {Journal of Fluid Mechanics},
	author = {Mikulencak, Duane R. and Morris, Jeffrey F.},
	year = {2004},
	pages = {215--242},
	},

@article{gavze1997,
	title = {Particles in a shear flow near a solid wall: Effect of nonsphericity on forces and velocities},
	volume = {23},
	shorttitle = {Particles in a shear flow near a solid wall},
		doi = {10.1016/S0301-9322(96)00054-7},
		number = {1},
	journal = {International Journal of Multiphase Flow},
	author = {Gavze, E. and Shapiro, M.},
	year = {1997},
	pages = {155--182},
	},

@article{hinch1979,
	title = {Rotation of small non-axisymmetric particles in a simple shear flow},
	volume = {92},
	doi = {10.1017/S002211207900077X},
	number = {03},
	journal = {Journal of Fluid Mechanics},
	author = {Hinch, E. J. and Leal, L. G.},
	year = {1979},
	pages = {591--607},
	},

@article{leal1980,
	title = {Particle Motions in a Viscous Fluid},
	volume = {12},
		doi = {10.1146/annurev.fl.12.010180.002251},
	number = {1},
	journal = {Annual Review of Fluid Mechanics},
	author = {Leal, L G},
	year = {1980},
	pages = {435--476}
},

@article{hinch1972,
	title = {The effect of {Brownian} motion on the rheological properties of a suspension of non-spherical particles},
	volume = {52},
	doi = {10.1017/S002211207200271X},
	number = {04},
	journal = {Journal of Fluid Mechanics},
	author = {Hinch, E. J. and Leal, L. G.},
	year = {1972},
	pages = {683--712},
	},

@article{bretherton1962,
	title = {The motion of rigid particles in a shear flow at low Reynolds number},
	volume = {14},
	doi = {10.1017/S002211206200124X},
	number = {02},
	journal = {Journal of Fluid Mechanics},
	author = {Bretherton, F. P.},
	year = {1962},
	pages = {284--304},
	},

@article{lundell2011b,
	title = {Fluid Mechanics of Papermaking},
	volume = {43},
		doi = {10.1146/annurev-fluid-122109-160700},
		number = {1},
	journal = {Annual Review of Fluid Mechanics},
	author = {Lundell, Fredrik and Söderberg, L. Daniel and Alfredsson, P. Henrik},
	year = {2011},
	pages = {195--217},
	},

@article{sabine1829,
	title = {On the Reduction to a Vacuum of {Captain} {Kater}'s Convertible Pendulum},
	volume = {119},
		doi = {10.2307/107788},
	journal = {Philosophical Transactions of the Royal Society of London},
	author = {Sabine, Edward},
	year = {1829},
	pages = {331--338},
	},

@article{goldsmith1962,
	title = {The flow of suspensions through tubes. I. Single spheres, rods, and discs},
	volume = {17},
		doi = {10.1016/0095-8522(62)90056-9},
		number = {5},
	journal = {Journal of Colloid Science},
	author = {Goldsmith, {H.L} and Mason, {S.G}},
	year = {1962},
	pages = {448--476},
	},

@article{sabine_reduction_1829-1,
	title = {On the Reduction to a Vacuum of the Vibrations of an Invariable Pendulum},
	volume = {119},
		doi = {10.2307/107778},
	journal = {Philosophical Transactions of the Royal Society of London},
	author = {Sabine, Edward},
	year = {1829},
	note = {{ArticleType:} research-article / Full publication date: 1829 /},
	pages = {207--239},
	},

@article{schwarz1990,
	title = {Evidence for organized small-scale structure in fully developed turbulence},
	volume = {64},
		doi = {10.1103/PhysRevLett.64.415},
		number = {4},
	journal = {Physical Review Letters},
	author = {Schwarz, K. W.},
	year = {1990},
	pages = {415--418},
	},

@article{mueller2010,
	title = {The rheology of suspensions of solid particles},
	volume = {466},
		doi = {10.1098/rspa.2009.0445},
	language = {en},
	number = {2116},
	journal = {Proceedings of the Royal Society A: Mathematical, Physical and Engineering Science},
	author = {Mueller, S. and Llewellin, E. W. and Mader, H. M.},
	year = {2010},
	pages = {1201--1228},
	},

@article{gavze1990,
	title = {The accelerated motion of rigid bodies in non-steady stokes flow},
	volume = {16},
		doi = {10.1016/0301-9322(90)90045-K},
		number = {1},
	journal = {International Journal of Multiphase Flow},
	author = {Gavze, E.},
	year = {1990},
	pages = {153--166},
	},

@article{hubbard1972,
	title = {Rotational {Brownian} Motion},
	volume = {6},
	doi = {10.1103/PhysRevA.6.2421},
	number = {6},
	journal = {Physical Review A},
	author = {Hubbard, Paul S.},
	year = {1972},
	pages = {2421--2433},
	},

@article{shin2005,
	title = {Rotational and translational dispersion of fibres in isotropic turbulent flows},
	volume = {540},
	doi = {10.1017/S0022112005005690},
	journal = {Journal of Fluid Mechanics},
	author = {Shin, Mansoo and Koch, Donald L.},
	year = {2005},
	pages = {143--173},
	},

@book{happel1965,
	title = {Low Reynolds Number Hydrodynamics: With Special Applications to Particulate Media},
	isbn = {9789024728770},
	shorttitle = {Low Reynolds Number Hydrodynamics},
	language = {en},
	publisher = {Springer},
	author = {Happel, John R. and Brenner, Howard},
	year = {1965},
},

@article{bricker2008,
	title = {Rheology of semidilute suspensions of rigid polystyrene ellipsoids at high Peclet numbers},
	volume = {52},
	copyright = {© 2008 The Society of Rheology},
		doi = {10.1122/1.2930670},
		number = {4},
	journal = {Journal of Rheology},
	author = {Bricker, Jonathan M. and Park, Hyun-Ok and Butler, Jason E.},
	year = {2008},
	pages = {941--955},
	},

@article{bernstein1994,
	title = {Direct determination of the orientation distribution function of cylindrical particles immersed in laminar and turbulent shear flows},
	volume = {25},
		doi = {10.1016/0021-8502(94)90185-6},
		number = {1},
	journal = {Journal of Aerosol Science},
	author = {Bernstein, Odette and Shapiro, Michael},
	year = {1994},
	pages = {113--136},
	},

@article{subramanian2006,
	title = {Inertial effects on the orientation of nearly spherical particles in simple shear flow},
	volume = {557},
	doi = {10.1017/S0022112006009724},
	journal = {Journal of Fluid Mechanics},
	author = {Subramanian, G. and Koch, D. L.},
	year = {2006},
	pages = {257--296},
	},

@book{sakurai1994,
	address = {Reading, Mass},
	edition = {Rev.},
	title = {Modern quantum mechanics},
	isbn = {0201539292},
	lccn = {QC174.12 .S25 1994},
	publisher = {Addison-Wesley Pub. Co},
	author = {Sakurai, J. J.},
	collaborator = {Tuan, San Fu},
	year = {1994},
},

@article{denny2010,
	title = {Marine Ecomechanics},
	volume = {2},
		doi = {10.1146/annurev-marine-120308-081011},
		number = {1},
	journal = {Annual Review of Marine Science},
	author = {Denny, Mark W. and Gaylord, Brian},
	year = {2010},
	pages = {89--114}
},

@article{marcos2011,
	title = {Microbial alignment in flow changes ocean light climate},
		doi = {10.1073/pnas.1014576108},
		language = {en},
	journal = {Proceedings of the National Academy of Sciences},
	author = {Marcos and Seymour, Justin R. and Luhar, Mitul and Durham, William M. and Mitchell, James G. and Macke, Andreas and Stocker, Roman},
	year = {2011},
	note = {{PMID:} 21368125},
	},

@article{nilsen2013,
	title = {Chaotic rotation of inertial spheroids in oscillating shear flow},
	volume = {25},
		doi = {doi:10.1063/1.4789376},
		number = {1},
	journal = {Physics of Fluids},
	author = {Nilsen, Christopher and Andersson, Helge I.},
	year = {2013},
	pages = {013303},
	},

@article{altenbach2007,
	title = {Influence of rotary inertia on the fiber dynamics in homogeneous creeping flows},
	volume = {87},
	copyright = {Copyright © 2007 {WILEY-VCH} Verlag {GmbH} \& Co. {KGaA}, Weinheim},
		doi = {10.1002/zamm.200610303},
		language = {en},
	number = {2},
	journal = {{ZAMM} - Journal of Applied Mathematics and Mechanics / Zeitschrift für Angewandte Mathematik und Mechanik},
	author = {Altenbach, H. and Naumenko, K. and Pylypenko, S. and Renner, B.},
	year = {2007},
	pages = {81–93},
	},

@article{savas1985,
	title = {On flow visualization using reflective flakes},
	volume = {152},
	doi = {10.1017/S0022112085000672},
	journal = {Journal of Fluid Mechanics},
	author = {Savas, Ö.},
	year = {1985},
	pages = {235--248},
	},

@article{bezuglyy2010,
	title = {Poincaré indices of rheoscopic visualisations},
	volume = {89},
		doi = {10.1209/0295-5075/89/34003},
		language = {en},
	number = {3},
	journal = {{EPL} (Europhysics Letters)},
	author = {Bezuglyy, V. and Mehlig, B. and Wilkinson, M.},
	year = {2010},
	pages = {34003},
	},

@article{broday1998,
	title = {Motion of spheroidal particles in vertical shear flows},
	volume = {10},
		doi = {doi:10.1063/1.869552},
		number = {1},
	journal = {Physics of Fluids},
	author = {Broday, David and Fichman, Mati and Shapiro, Michael and Gutfinger, Chaim},
	year = {1998},
	pages = {86--100},
	},

@article{harper1968,
	title = {Maximum dissipation resulting from lift in a slow viscous shear flow},
	volume = {33},
	doi = {10.1017/S0022112068001254},
	number = {02},
	journal = {Journal of Fluid Mechanics},
	author = {Harper, E. Y. and Chang, I-Dee},
	year = {1968},
	pages = {209--225},
	},

@book{snyder1987,
	title = {Map Projections: A Working Manual},
	publisher = {Geological Survey ({U.S.)}},
	author = {Snyder, John P},
	year = {1987}
},

@article{wilkinson2011,
	title = {Emergent order in rheoscopic swirls},
	volume = {667},
	doi = {10.1017/S0022112010004441},
		journal = {Journal of Fluid Mechanics},
	author = {Wilkinson, Michael and Bezuglyy, Vlad and Mehlig, Bernhard},
	year = {2011},
	pages = {158--187},
	},

@article{jumars2009,
	title = {Turbulence-plankton interactions: a new cartoon},
	volume = {30},
	copyright = {© 2009 Blackwell Verlag {GmbH}},
	shorttitle = {Turbulence-plankton interactions},
		doi = {10.1111/j.1439-0485.2009.00288.x},
		language = {en},
	number = {2},
	journal = {Marine Ecology},
	author = {Jumars, Peter A. and Trowbridge, John H. and Boss, Emmanuel and Karp-Boss, Lee},
	year = {2009},
	pages = {133–150},
	},

@article{favro1960,
	title = {Theory of the Rotational {Brownian} Motion of a Free Rigid Body},
	volume = {119},
		doi = {10.1103/PhysRev.119.53},
		number = {1},
	journal = {Physical Review},
	author = {Favro, L. Dale},
	year = {1960},
	pages = {53--62},
	},

@article{brenner1972,
	title = {Transport mechanics in systems of orientable particles. {III.} {Arbitrary} particles},
	volume = {41},
	issn = {0021-9797},
	doi = {10.1016/0021-9797(72)90111-7},
	number = {2},
	urldate = {2013-11-03},
	journal = {Journal of Colloid and Interface Science},
	author = {Brenner, Howard and Condiff, Duane W},
	month = nov,
	year = {1972},
	pages = {228--274},
	}
@article{wilkinson2008,
	title = {Stokes Trapping and Planet Formation},
	volume = {176},
		doi = {10.1086/533533},
	number = {2},
	journal = {The Astrophysical Journal Supplement Series},
	author = {Wilkinson, M. and Mehlig, B. and Uski, V.},
	year = {2008},
	pages = {484--496},
	},

@book{kampen2007,
	address = {Amsterdam ; Boston},
	edition = {3rd},
	series = {North-Holland personal library},
	title = {Stochastic processes in physics and chemistry},
	isbn = {9780444529657},
	lccn = {QC20.7.S8 K35 2007},
	publisher = {Elsevier},
	author = {Kampen, N. G. van},
	year = {2007},
},

@article{guasto2012,
	title = {Fluid Mechanics of Planktonic Microorganisms},
	volume = {44},
		doi = {10.1146/annurev-fluid-120710-101156},
		number = {1},
	journal = {Annual Review of Fluid Mechanics},
	author = {Guasto, Jeffrey S. and Rusconi, Roberto and Stocker, Roman},
	year = {2012},
	pages = {373--400},
	},

@article{wilkinson2009,
	title = {Fingerprints of random flows?},
	volume = {21},
		doi = {doi:10.1063/1.3118502},
		number = {4},
	journal = {Physics of Fluids},
	author = {Wilkinson, Michael and Bezuglyy, Vlad and Mehlig, Bernhard},
	year = {2009},
	pages = {043304},
	},

@techreport{gustavsson2013,
	type = {{arXiv} e-print},
	title = {Tumbling of small axisymmetric particles in random and turbulent flows},
			number = {1305.1822},
	author = {Gustavsson, K. and Einarsson, J. and Mehlig, B.},
	year = {2013},
	},

@article{wagner2009,
	title = {Shear thickening in colloidal dispersions},
	volume = {62},
		doi = {10.1063/1.3248476},
	number = {10},
	journal = {Physics Today},
	author = {Wagner, Norman J. and Brady, John F.},
	year = {2009},
	pages = {27--32},
	},

@article{luciani1999,
	title = {Rheological behaviour of dilute suspensions of platelet particles},
	volume = {38},
		doi = {10.1007/s003970050194},
		language = {en},
	number = {5},
	journal = {Rheologica Acta},
	author = {Luciani, André and Leterrier, Yves and Månson, Jan-Anders E.},
	year = {1999},
	pages = {437--442},
	},

@article{lawrence1988,
	title = {The unsteady force on a body at low Reynolds number; the axisymmetric motion of a spheroid},
	volume = {189},
	doi = {10.1017/S0022112088001107},
	journal = {Journal of Fluid Mechanics},
	author = {Lawrence, C. J. and Weinbaum, S.},
	year = {1988},
	pages = {463--489},
	},

@article{jeffery1922,
	title = {The Motion of Ellipsoidal Particles Immersed in a Viscous Fluid},
	volume = {102},
		doi = {10.1098/rspa.1922.0078},
	language = {en},
	number = {715},
	journal = {Proceedings of the Royal Society of London. Series A},
	author = {Jeffery, G. B.},
	year = {1922},
	pages = {161--179},
	},

@article{lundell2010,
	title = {Heavy ellipsoids in creeping shear flow: Transitions of the particle rotation rate and orbit shape},
	volume = {81},
	shorttitle = {Heavy ellipsoids in creeping shear flow},
		doi = {10.1103/PhysRevE.81.016323},
		number = {1},
	journal = {Physical Review E},
	author = {Lundell, Fredrik and Carlsson, Allan},
	year = {2010},
	pages = {016323},
	}


@article{stokes1851,
  journal = {Transactions of the Cambridge Philosophical Society},
  title = {On the Effect of the Internal Friction of Fluids on the Motion of Pendulums},
  volume = {IX},
  pages={8},
  publisher = {Cambridge University Press},
  author = {Stokes, George Gabriel},
  note = {Reprinted in Cambridge Library Collection: Mathematical and Physical Papers Vol.~3. ISBN 9780511702266} ,
  year = {1851}
}


@article{li2008,
	title = {A public turbulence database cluster and applications to study {Lagrangian} evolution of velocity increments in turbulence},
	doi = {10.1080/14685240802376389},
	journal = {Journal of Turbulence},
	author = {Li, Yi and Perlman, Eric and Wan, Minping and Yang, Yunke and Meneveau, Charles and Burns, Randal and Chen, Shiyi and Szalay, Alexander and Eyink, Gregory},
	year = {2008},
	volume={9},
	number = {31},
}


@article{chertkov1999,
author = {Michael Chertkov and Alain Pumir and Boris I. Shraiman},
collaboration = {},
title = {Lagrangian tetrad dynamics and the phenomenology of turbulence},
publisher = {AIP},
year = {1999},
journal = {Physics of Fluids},
volume = {11},
number = {8},
pages = {2394-2410},
doi = {10.1063/1.870101}
}


@book{doi1986,
	address = {Oxford [Oxfordshire]; New York},
	title = {The theory of polymer dynamics},
	isbn = {0198519761 9780198519768},
	language = {English},
	publisher = {Clarendon Press ; Oxford University Press},
	author = {Doi, M and Edwards, S. F},
	year = {1987}
}


@book{jackson1999,
	address = {New York},
	edition = {3rd ed},
	title = {Classical electrodynamics},
	isbn = {{047130932X}},
	lccn = {QC631 .J3 1999},
	publisher = {Wiley},
	author = {Jackson, John David},
	year = {1999},
}

@article{andrews1977,
	title = {On three--dimensional rotational averages},
	volume = {67},
	doi = {doi:10.1063/1.434725},
	number = {11},
	journal = {The Journal of Chemical Physics},
	author = {Andrews, D. L. and Thirunamachandran, T.},
	year = {1977},
	pages = {5026},
}
@misc{githubrepo,
  title = {\url{https://github.com/jeinarsson/fpe_sphere}},
},
@book{arfken1970,
  title={Mathematical Methods for Physicists, Second Edition},
  author={Arfken, George},
  publisher={Academic Press},
  year={1970}
},
@book{sakurai1994,
	title = {Modern quantum mechanics},
	lccn = {QC174.12 .S25 1994},
	publisher = {Addison-Wesley Pub. Co},
	author = {Sakurai, J. J. and Tuan, San Fu},
	year = {1994},
},


@article{wilkinson2008,
	title = {Stokes Trapping and Planet Formation},
	volume = {176},
	doi = {10.1086/533533},
	number = {2},
	journal = {The Astrophysical Journal Supplement Series},
	author = {Wilkinson, M. and Mehlig, B. and Uski, V.},
	year = {2008},
	pages = {484--496},
}


@article{devenish2012,
	title = {Droplet growth in warm turbulent clouds},
	volume = {138},
	issn = {1477-{870X}},
	doi = {10.1002/qj.1897},
	number = {667},
	journal = {Quarterly Journal of the Royal Meteorological Society},
	author = {Devenish, B. J. and Bartello, P. and Brenguier, J. L. and Collins, L. R. and Grabowski, W. W. and {IJzermans}, R. H. A. and Malinowski, S. P. and Reeks, M. W. and Vassilicos, J. C. and Wang, L. P. and Warhaft, Z.},
	year = {2012},
	pages = {1401–1429},
}


@book{ott2002,
	address = {Cambridge, {U.K.} ; New York},
	edition = {2nd ed},
	title = {Chaos in dynamical systems},
	isbn = {0521811961},
	lccn = {Q172.5.C45 O87 2002},
	publisher = {Cambridge University Press},
	author = {Ott, Edward},
	year = {2002},
	keywords = {Chaotic behavior in systems}
}


@article{eichhorn2010,
	title = {Microfluidic Sorting of Stereoisomers},
	volume = {105},
	doi = {10.1103/PhysRevLett.105.034502},
	number = {3},
	urldate = {2013-11-03},
	journal = {Physical Review Letters},
	author = {Eichhorn, Ralf},
	year = {2010},
	pages = {034502},
}


@article{aristov2013,
	title = {Separation of chiral colloidal particles in a helical flow field},
	volume = {9},
	issn = {1744-6848},
	doi = {10.1039/C2SM27441H},
	number = {8},
	journal = {Soft Matter},
	author = {Aristov, Maria and Eichhorn, Ralf and Bechinger, Clemens},
	year = {2013},
	pages = {2525--2530},
}